@book{leveque2002finite,
  title={Finite volume methods for hyperbolic problems},
  author={LeVeque, Randall J and others},
  volume={31},
  year={2002},
  publisher={Cambridge university press}
}


@article{sarmin1963stability,
  title={On the stability of the numerical integration of systems of ordinary differential equations arising in the use of the straight line method},
  author={Sarmin, È N and Chudov, LA},
  journal={USSR Computational Mathematics and Mathematical Physics},
  volume={3},
  number={6},
  pages={1537--1543},
  year={1963},
  publisher={Elsevier}
}

@book{schiesser2009compendium,
  title={A compendium of partial differential equation models: method of lines analysis with Matlab},
  author={Schiesser, William E and Griffiths, Graham W},
  year={2009},
  publisher={Cambridge University Press}
}



@article{hofherr2018lagrangian,
  title={Lagrangian transport through surfaces in compressible flows},
  author={Hofherr, Florian and Karrasch, Daniel},
  journal={SIAM Journal on Applied Dynamical Systems},
  volume={17},
  number={1},
  pages={526--546},
  year={2018},
  publisher={SIAM}
}

@article{karrasch2016lagrangian,
  title={Lagrangian transport through surfaces in volume-preserving flows},
  author={Karrasch, Daniel},
  journal={SIAM Journal on Applied Mathematics},
  volume={76},
  number={3},
  pages={1178--1190},
  year={2016},
  publisher={SIAM}
}


@article{ivey2017conservative,
  title={Conservative and bounded volume-of-fluid advection on unstructured grids},
  author={Ivey, Christopher B and Moin, Parviz},
  journal={Journal of Computational Physics},
  volume={350},
  pages={387--419},
  year={2017},
  publisher={Elsevier}
}



@book{lambert1991numerical,
  title={Numerical methods for ordinary differential systems},
  author={Lambert, John Denholm and others},
  volume={146},
  year={1991},
  publisher={Wiley New York}
}
@misc{hairer1993solving,
  title={Solving Ordinary Differential Equations I. Nonstiff Problems., volume 8 of Springer Series in Comput. Math},
  author={Hairer, E and N{\o}rsett, SP and Wanner, G},
  year={1993},
  publisher={Springer}
}
@article{verner1978explicit,
  title={Explicit Runge--Kutta methods with estimates of the local truncation error},
  author={Verner, James Hamilton},
  journal={SIAM Journal on Numerical Analysis},
  volume={15},
  number={4},
  pages={772--790},
  year={1978},
  publisher={SIAM}
}
@article{leveque1996high,
  title={High-resolution conservative algorithms for advection in incompressible flow},
  author={Leveque, Randall J},
  journal={SIAM Journal on Numerical Analysis},
  volume={33},
  number={2},
  pages={627--665},
  year={1996},
  publisher={SIAM}
}


@article{zhang2013family,
  title={On a family of unsplit advection algorithms for volume-of-fluid methods},
  author={Zhang, Qinghai},
  journal={SIAM Journal on Numerical Analysis},
  volume={51},
  number={5},
  pages={2822--2850},
  year={2013},
  publisher={SIAM}
}

@article{zhang2013donating,
  title={On donating regions: Lagrangian flux through a fixed curve},
  author={Zhang, Qinghai},
  journal={siam REVIEW},
  volume={55},
  number={3},
  pages={443--461},
  year={2013},
  publisher={SIAM}
}


@article{zhang2013highly,
  title={Highly accurate Lagrangian flux calculation via algebraic quadratures on spline-approximated donating regions},
  author={Zhang, Qinghai},
  journal={Computer Methods in Applied Mechanics and Engineering},
  volume={264},
  pages={191--204},
  year={2013},
  publisher={Elsevier}
}

@article{zhang2015generalized,
  title={On generalized donating regions: Classifying Lagrangian fluxing particles through a fixed curve in the plane},
  author={Zhang, Qinghai},
  journal={Journal of Mathematical Analysis and Applications},
  volume={424},
  number={2},
  pages={861--877},
  year={2015},
  publisher={Elsevier}
}


@article{lin2017high,
  title={High-order finite-volume solutions of the steady-state advection--diffusion equation with nonlinear Robin boundary conditions},
  author={Lin, Zhi and Zhang, Qinghai},
  journal={Journal of Computational Physics},
  volume={345},
  pages={358--372},
  year={2017},
  publisher={Elsevier}
}

@article{zhang2012fourth,
  title={A fourth-order accurate finite-volume method with structured adaptive mesh refinement for solving the advection-diffusion equation},
  author={Zhang, Qinghai and Johansen, Hans and Colella, Phillip},
  journal={SIAM Journal on Scientific Computing},
  volume={34},
  number={2},
  pages={B179--B201},
  year={2012},
  publisher={SIAM}
}



@book{leveque1992numerical,
  title={Numerical methods for conservation laws},
  author={LeVeque, Randall J and Leveque, Randall J},
  volume={214},
  year={1992},
  publisher={Springer}
}

@book{chorin1990mathematical,
  title={A mathematical introduction to fluid mechanics},
  author={Chorin, Alexandre Joel and Marsden, Jerrold E and Marsden, Jerrold E},
  volume={3},
  year={1990},
  publisher={Springer}
}


@book{cho2006topological,
  title={Topological degree theory and applications},
  author={Cho, Yeol Je and Chen, Yu-Qing},
  year={2006},
  publisher={CRC Press}
}
@book{outerelo2009mapping,
  title={Mapping degree theory},
  author={Outerelo, Enrique and Ruiz, Jes{\'u}s M},
  volume={108},
  year={2009},
  publisher={American Mathematical Society Providence, RI}
}

@article{taylor1937mechanism,
  title={Mechanism of the production of small eddies from large ones},
  author={Taylor, Geoffrey Ingram and Green, Albert Edward},
  journal={Proceedings of the Royal Society of London. Series A-Mathematical and Physical Sciences},
  volume={158},
  number={895},
  pages={499--521},
  year={1937},
  publisher={The Royal Society London}
}





@article{flanders1973differentiation,
  title={Differentiation under the integral sign},
  author={Flanders, Harley},
  journal={The American Mathematical Monthly},
  volume={80},
  number={6},
  pages={615--627},
  year={1973},
  publisher={JSTOR}
}


@article{rom1990analytical,
  title={An analytical study of transport, mixing and chaos in an unsteady vortical flow},
  author={Rom-Kedar, V and Leonard, A and Wiggins, S},
  journal={Journal of Fluid Mechanics},
  volume={214},
  pages={347--394},
  year={1990},
  publisher={Cambridge University Press}
}



@article{santin2011algebraic,
  title={An algebraic cubature formula on curvilinear polygons},
  author={Santin, Gabriele and Sommariva, Alvise and Vianello, Marco},
  journal={Applied Mathematics and Computation},
  volume={217},
  number={24},
  pages={10003--10015},
  year={2011},
  publisher={Elsevier}
}

@inproceedings{gu2005manifold,
  title={Manifold splines},
  author={Gu, Xianfeng and He, Ying and Qin, Hong},
  booktitle={Proceedings of the 2005 ACM symposium on Solid and physical modeling},
  pages={27--38},
  year={2005}
}

@article{bednorz2019analytic,
  title={Analytic sphere eversion using ruled surfaces},
  author={Bednorz, Adam and Bednorz, Witold},
  journal={Differential Geometry and its Applications},
  volume={64},
  pages={59--79},
  year={2019},
  publisher={Elsevier}
}


@article{shadden2005definition,
  title={Definition and properties of Lagrangian coherent structures from finite-time Lyapunov exponents in two-dimensional aperiodic flows},
  author={Shadden, Shawn C and Lekien, Francois and Marsden, Jerrold E},
  journal={Physica D: Nonlinear Phenomena},
  volume={212},
  number={3-4},
  pages={271--304},
  year={2005},
  publisher={Elsevier}
}

@article{haller2015lagrangian,
  title={Lagrangian coherent structures},
  author={Haller, George},
  journal={Annual Review of Fluid Mechanics},
  volume={47},
  pages={137--162},
  year={2015},
  publisher={Annual Reviews}
}

@article{ma2021high,
  title={A high-order fictitious-domain method for the advection-diffusion equation on time-varying domain},
  author={Ma, Chuwen and Zhang, Qinghai and Zheng, Weiying},
  journal={arXiv preprint arXiv:2104.01870},
  year={2021}
}


@article{smale1959classification,
  title={A classification of immersions of the two-sphere},
  author={Smale, Stephen},
  journal={Transactions of the American Mathematical Society},
  volume={90},
  number={2},
  pages={281--290},
  year={1959},
  publisher={JSTOR}
}

@article{francis1980arnold,
  title={Arnold Shapiro’s eversion of the sphere},
  author={Francis, George K and Morin, Bernard},
  journal={The Mathematical Intelligencer},
  volume={2},
  number={4},
  pages={200--203},
  year={1980},
  publisher={Springer}
}

@book{levy1995making,
  title={Making waves: A guide to the ideas behind Outside In},
  author={Levy, Silvio and Thurston, William P},
  year={1995},
  publisher={Geometry Center},
url={https://www.youtube.com/watch?v=wO61D9x6lNY}
}

@phdthesis{litman2017sphere,
  title={Sphere Eversion: Analysis of a Veridical Paradox},
  author={Litman, Matthew},
  year={2017},
  school={Pennsylvania State University}
}


@incollection{tu2011manifolds,
  title={Manifolds},
  author={Tu, Loring W},
  booktitle={An Introduction to Manifolds},
  pages={47--83},
  year={2011},
  publisher={Springer}
}


@article{hopf1935drehung,
  title={{\"U}ber die drehung der tangenten und sehnen ebener kurven},
  author={Hopf, Heinz},
  journal={Compositio mathematica},
  volume={2},
  pages={50--62},
  year={1935}
}


@book{krantz2008geometric,
  title={Geometric integration theory},
  author={Krantz, Steven G and Parks, Harold R},
  year={2008},
  publisher={Springer Science \& Business Media}
}


@book{giaquinta1998cartesian,
  title={Cartesian Currents in the Calculus of Variations I: Cartesian Currents},
  author={Giaquinta, M. and Modica, G. and Soucek, J.},
  isbn={9783540640097},
  lccn={98018195},
  series={Ergebnisse der Mathematik und ihrer Grenzgebiete. 3. Folge / A Series of Modern Surveys in Mathematics},
  url={https://books.google.com/books?id=xx2vhd\_uPS0C},
  year={1998},
  publisher={Springer Berlin Heidelberg}
}


@article{stenger1975computing,
  title={Computing the topological degree of a mapping in ${R}^n$},
  author={Stenger, Frank},
  journal={Numer. Math},
  volume={25},
  number={1},
  pages={23--38},
  year={1975}
}

@book{grinfeld2013introduction,
  title={Introduction to tensor analysis and the calculus of moving surfaces},
  author={Grinfeld, Pavel},
  year={2013},
  publisher={Springer}
}



@article{zhang2014oceanic,
  title={Oceanic mass transport by mesoscale eddies},
  author={Zhang, Zhengguang and Wang, Wei and Qiu, Bo},
  journal={Science},
  volume={345},
  number={6194},
  pages={322--324},
  year={2014},
  publisher={American Association for the Advancement of Science}
}




@article{lipinski2010ridge,
  title={A ridge tracking algorithm and error estimate for efficient computation of Lagrangian coherent structures},
  author={Lipinski, Doug and Mohseni, Kamran},
  journal={Chaos: An Interdisciplinary Journal of Nonlinear Science},
  volume={20},
  number={1},
  pages={017504},
  year={2010},
  publisher={American Institute of Physics}
}

@article{colella1990multidimensional,
  title={Multidimensional upwind methods for hyperbolic conservation laws},
  author={Colella, Phillip},
  journal={Journal of Computational Physics},
  volume={87},
  number={1},
  pages={171--200},
  year={1990},
  publisher={Elsevier}
}


@article{bell1988unsplit,
  title={An unsplit, higher order Godunov method for scalar conservation laws in multiple dimensions},
  author={Bell, John B and Dawson, Clint N and Shubin, Gregory R},
  journal={Journal of Computational Physics},
  volume={74},
  number={1},
  pages={1--24},
  year={1988},
  publisher={Elsevier}
}


@article{camassa2019hydrodynamic,
  title={Hydrodynamic models and confinement effects by horizontal boundaries},
  author={Camassa, Roberto and Falqui, Gregorio and Ortenzi, Giovanni and Pedroni, Marco and Thomson, Colin},
  journal={Journal of Nonlinear Science},
  volume={29},
  number={4},
  pages={1445--1498},
  year={2019},
  publisher={Springer}
}

@article{murisic2013dynamics,
  title={Dynamics of particle settling and resuspension in viscous liquid films},
  author={Murisic, Nebojsa and Pausader, Benoit and Peschka, Dirk and Bertozzi, Andrea L},
  journal={Journal of Fluid Mechanics},
  volume={717},
  pages={203--231},
  year={2013},
  publisher={Cambridge University Press}
}

@article{nair2010class,
  title={A class of deformational flow test cases for linear transport problems on the sphere},
  author={Nair, Ramachandran D and Lauritzen, Peter H},
  journal={Journal of Computational Physics},
  volume={229},
  number={23},
  pages={8868--8887},
  year={2010},
  publisher={Elsevier}
}



@article{Adhikar2018Topological,
  title={Topological Degrees on Unbounded Domains},
  author={Dhruba R. Adhikar and Ishwari J. Kunwar},
  journal={Open Journal of Mathematical Analysis},
  year={2018}
}

@article{alexander1924example,
  title={An example of a simply connected surface bounding a region which is not simply connected},
  author={Alexander, James W},
  journal={Proceedings of the National Academy of Sciences},
  volume={10},
  number={1},
  pages={8--10},
  year={1924},
  publisher={National Acad Sciences}
}


@article{remmerswaal2022towards,
  title={Towards a sharp, structure preserving two-velocity model for two-phase flow: transport of mass and momentum},
  author={Remmerswaal, Ronald A and Veldman, Arthur EP},
  journal={arXiv preprint arXiv:2209.14934},
  year={2022}
}