@article{ding2021ergodicity,
  title={Ergodicity and invariant measures for a diffusing passive scalar advected by a random channel shear flow and the connection between the Kraichnan-Majda model and Taylor-Aris Dispersion},
  author={Ding, Lingyun and McLaughlin, Richard M},
  journal={Physica D: Nonlinear Phenomena},
  pages={133118},
  year={2021},
  publisher={Elsevier},
 doi={https://doi.org/10.1016/j.physd.2021.133118},
arXiv={https://arxiv.org/pdf/2012.06610.pdf}

}


@article{ding2021determinism,
  title={Determinism and invariant measures for diffusing passive scalars advected by unsteady random shear flows},
  author={Ding, Lingyun and McLaughlin, Richard M},
  journal={arXiv preprint arXiv:2109.05617},
  year={2021},
  doi = {https://arxiv.org/pdf/2109.05617.pdf}
}

@article{ding2021enhanced,
  title={Enhanced diffusivity and skewness of a diffusing tracer in the presence of an oscillating wall},
  author={Ding, Lingyun and Hunt, Robert and McLaughlin, Richard M and Woodie, Hunter},
  journal={Research in the Mathematical Sciences},
  volume={8},
  number={3},
  pages={1--29},
  year={2021},
  publisher={Springer},
  doi={https://doi.org/10.1007/s40687-021-00257-4}
}

@article{camassa2021persisting,
  title={Persisting asymmetry in the probability distribution function for a random advection-diffusion equation in impermeable channels},
  author={Camassa, Roberto and Ding, Lingyun and Kilic, Zeliha and McLaughlin, Richard M},
  journal={Physica D: Nonlinear Phenomena},
  pages={132930},
  year={2021},
  publisher={Elsevier},
  doi={https://doi.org/10.1016/j.physd.2021.132930}
}

@article{ding2020ergodicity,
  title={Ergodicity and invariant measures for a diffusing passive scalar advected by a random channel shear flow and the connection between the Kraichnan-Majda model and Taylor-Aris Dispersion},
  author={Ding, Lingyun and McLaughlin, Richard M},
  journal={arXiv preprint arXiv:2012.06610},
  year={2020},
  doi={https://arxiv.org/pdf/2012.06610.pdf}
}

@article{ding2021quadrature,
  title={Quadrature by two expansions: Evaluating Laplace layer potentials using complex polynomial and plane wave expansions},
  author={Ding, Lingyun and Huang, Jingfang and Marzuola, Jeremy L and Tang, Zhuochao},
  journal={Journal of Computational Physics},
  volume={428},
  pages={109963},
  year={2021},
  publisher={Elsevier},
  doi={https://doi.org/10.1016/j.jcp.2020.109963}
}

@article{zhang2019lagrangian,
  title={Lagrangian Flux Calculation Through a Fixed Planar Curve for Scalar Conservation Laws},
  author={Zhang, Qinghai and Ding, Lingyun},
  journal={SIAM Journal on Scientific Computing},
  volume={41},
  number={6},
  pages={A3596--A3623},
  year={2019},
  publisher={SIAM},
  doi={https://doi.org/10.1137/18M1210885}
}


@article{ding2020mixing,
  title={Mixing Induced by an Unsteady Shearing Wall Motion},
  author={Ding, Lingyun and Hunt, Robert and McLaughlin, Richard M},
  publisher={APS},
   journal={73th Annual Meeting of The Aps Division of Fluid Dynamics (November 22, 2020 â€” November 24, 2020) },
year={2020},
  doi={https://doi.org/10.1103/APS.DFD.2020.GFM.P0022}
}



