@article{sudhakar2017use,
  title={On the use of compressed polyhedral quadrature formulas in embedded interface methods},
  author={Sudhakar, Yogaraj and Sommariva, Alvise and Vianello, Marco and Wall, Wolfgang A},
  journal={SIAM Journal on Scientific Computing},
  volume={39},
  number={3},
  pages={B571--B587},
  year={2017},
  publisher={SIAM}
}
@article{sommariva2015compression,
  title={Compression of multivariate discrete measures and applications},
  author={Sommariva, Alvise and Vianello, Marco},
  journal={Numerical Functional Analysis and Optimization},
  volume={36},
  number={9},
  pages={1198--1223},
  year={2015},
  publisher={Taylor \& Francis}
}

@article{sudhakar2013quadrature,
  title={Quadrature schemes for arbitrary convex/concave volumes and integration of weak form in enriched partition of unity methods},
  author={Sudhakar, Yogaraj and Wall, Wolfgang A},
  journal={Computer Methods in Applied Mechanics and Engineering},
  volume={258},
  pages={39--54},
  year={2013},
  publisher={Elsevier}
}
@article{sudhakar2014accurate,
  title={An accurate, robust, and easy-to-implement method for integration over arbitrary polyhedra: application to embedded interface methods},
  author={Sudhakar, Y and De Almeida, JP Moitinho and Wall, Wolfgang A},
  journal={Journal of Computational Physics},
  volume={273},
  pages={393--415},
  year={2014},
  publisher={Elsevier}
}

@article{santin2011algebraic,
  title={An algebraic cubature formula on curvilinear polygons},
  author={Santin, Gabriele and Sommariva, Alvise and Vianello, Marco},
  journal={Applied Mathematics and Computation},
  volume={217},
  number={24},
  pages={10003--10015},
  year={2011},
  publisher={Elsevier}
}


@article{sommariva2009gauss,
  title={Gauss--Green cubature and moment computation over arbitrary geometries},
  author={Sommariva, Alvise and Vianello, Marco},
  journal={Journal of Computational and Applied Mathematics},
  volume={231},
  number={2},
  pages={886--896},
  year={2009},
  publisher={Elsevier}
}